@online{bee,
Author = {Jieyang Chen and Qiang Guan and Xin Liang and Louis James Vernon and Allen McPherson and Li-Ta Lo and Zizhong Chen and James Paul Ahrens},
Title = {Docker-Enabled Build and Execution Environment (BEE): an Encapsulated Environment Enabling HPC Applications Running Everywhere},
Year = {2017},
eprinttype ={arxiv}, 
eprint={1712.06790},
url={arXiv:1712.06790},
}
@inproceedings{bauer2012legion,
  title={Legion: Expressing locality and independence with logical regions},
  author={Bauer, Michael and Treichler, Sean and Slaughter, Elliott and Aiken, Alex},
  booktitle={Proceedings of the international conference on high performance computing, networking, storage and analysis},
  pages={66},
  year={2012},
  organization={IEEE Computer Society Press}
}
@article{fowler2006continuous,
  title={Continuous integration},
  author={Fowler, Martin and Foemmel, Matthew},
  journal={Thought-Works) http://www. thoughtworks. com/Continuous Integration. pdf},
  volume={122},
  pages={14},
  year={2006}
}
@techreport{charest2017flexible,
  title={Flexible Computational Science Infrastructure (FleCSI): Overview \& Application Progress},
  author={Charest, Marc Robert Joseph},
  year={2017},
  institution={Los Alamos National Lab.(LANL), Los Alamos, NM (United States)}
}
@inproceedings{mambretti2015next,
  title={Next generation clouds, the chameleon cloud testbed, and software defined networking (sdn)},
  author={Mambretti, Joe and Chen, Jim and Yeh, Fei},
  booktitle={Cloud Computing Research and Innovation (ICCCRI), 2015 International Conference on},
  pages={73--79},
  year={2015},
  organization={IEEE}
}
@book{duvall2007continuous,
  title={Continuous integration: improving software quality and reducing risk},
  author={Duvall, Paul M and Matyas, Steve and Glover, Andrew},
  year={2007},
  publisher={Pearson Education}
}
@inproceedings{priedhorsky2017charliecloud,
  title={Charliecloud: Unprivileged containers for user-defined software stacks in hpc},
  author={Priedhorsky, Reid and Randles, Tim},
  booktitle={Proceedings of the International Conference for High Performance Computing, Networking, Storage and Analysis},
  pages={36},
  year={2017},
  organization={ACM}
}
@article{ferenbaugh2015pennant,
  title={PENNANT: an unstructured mesh mini-app for advanced architecture research},
  author={Ferenbaugh, Charles R},
  journal={Concurrency and Computation: Practice and Experience},
  volume={27},
  number={17},
  pages={4555--4572},
  year={2015},
  publisher={Wiley Online Library}
}
@techreport{daniel2016lanl,
  title={LANL ASC Advanced Technology Development and Mitigation: Next-Generation Code project (NGC)},
  author={Daniel, David John and Hungerford, Aimee L},
  year={2016},
  institution={Los Alamos National Lab.(LANL), Los Alamos, NM (United States)}
}
@inproceedings{chen2006stas,
  title={Stas: A scalability testing and analysis system},
  author={Chen, Yong and Sun, Xian-He},
  booktitle={Cluster Computing, 2006 IEEE International Conference on},
  pages={1--10},
  year={2006},
  organization={IEEE}
}
@incollection{brunst2013custom,
  title={Custom hot spot analysis of hpc software with the vampir performance tool suite},
  author={Brunst, Holger and Weber, Matthias},
  booktitle={Tools for High Performance Computing 2012},
  pages={95--114},
  year={2013},
  publisher={Springer}
}
@inproceedings{merchant2012tool,
  title={Tool for performance tuning and regression analyses of HPC systems and applications},
  author={Merchant, Saumil and Prabhakar, Giri},
  booktitle={High Performance Computing (HiPC), 2012 19th International Conference on},
  pages={1--6},
  year={2012},
  organization={IEEE}
}
@article{muraleedharan2012hawk,
  title={Hawk-i HPC cloud benchmark tool},
  author={Muraleedharan, Visakh},
  journal={Msc in high performance computing, University of Edinburgh, Edinburgh},
  year={2012}
}
@inproceedings{yoo2015patha,
  title={PATHA: Performance analysis tool for hpc applications},
  author={Yoo, Wucherl and Koo, Michelle and Cao, Yi and Sim, Alex and Nugent, Peter and Wu, Kesheng},
  booktitle={Computing and Communications Conference (IPCCC), 2015 IEEE 34th International Performance},
  pages={1--8},
  year={2015},
  organization={IEEE}
}

@inproceedings{beeflow,
  title={BeeFlow: a Workflow Management System for In situ Processing Across HPC and Cloud Systems},
  author={Chen, Jieyang  and Guan, Qiang  and Zhang, Zhao  and Liang, Xin  and
Vernon, Louis   and McPherson, Allen  and  Lo,Li-Ta and Grubel, Patricia and  Randles, Tim and
Chen, Zizhong  and Ahrens, James  },
  booktitle={38th IEEE International Conference on Distributed Computing Systems (ICDCS)},
  year={2018}
}



@article{vetter2005mpip,
  title={mpip: Lightweight, scalable mpi profiling},
  author={Vetter, Jeffrey and Chambreau, Chris},
  year={2005}
}

@inproceedings{chung2006mpi,
  title={MPI performance analysis tools on Blue Gene/L},
  author={Chung, I-Hsin and Walkup, Robert E and Wen, Hui-Fang and Yu, Hao},
  booktitle={SC 2006 Conference, Proceedings of the ACM/IEEE},
  pages={16--16},
  year={2006},
  organization={IEEE}
}

@inproceedings{bell2003paraprof,
  title={Paraprof: A portable, extensible, and scalable tool for parallel performance profile analysis},
  author={Bell, Robert and Malony, Allen D and Shende, Sameer},
  booktitle={European Conference on Parallel Processing},
  pages={17--26},
  year={2003},
  organization={Springer}
}