%Singularity
@misc{kurtzer_2016_60736,
  author       = {Kurtzer, Gregory M.},
  title        = {{Singularity 2.1.2 - Linux application and 
                   environment containers for science}},
  year         = 2016,
  url          = {https://doi.org/10.5281/zenodo.60736}
}


%Shifter
@article{jacobsen2015contain,
  title={Contain this, unleashing docker for hpc},
  author={Jacobsen, Douglas M and Canon, Richard Shane},
  journal={Proceedings of the Cray User Group},
  year={2015}
}

%Charliecloud
@techreport{priedhorsky2016charliecloud,
  title={Charliecloud: Unprivileged containers for user-defined software stacks in HPC},
  author={Priedhorsky, Reid and Randles, Tim},
  year={2016},
  institution={Los Alamos National Laboratory}
}

@misc{starcluste,
    title = {{S}tar{C}luster},
    howpublished = {URL : \url{http://star.mit.edu/cluster/}}
}

@misc{starhpc,
    title = {{S}tar{HPC}},
    howpublished = {URL : \url{http://star.mit.edu/hpc/index.html}}
}

@misc{kubernetes-challenges,
    title = {HPC workloads unique challenges},
    howpublished = {URL : \url{https://kubernetes.io/blog/2017/08/kubernetes-meets-high-performance/}}
}

@misc{kubernetes,
    title = {Kubernetes },
    howpublished = {URL : \url{https://kubernetes.io/}}
}

@misc{npb,
    title = {{NAS} {P}arallel {B}enchmarks},
    howpublished = {URL : \url{https://www.nas.nasa.gov/publications/npb.html}}
}

%AWS Container Service
@misc{awscontainer,
    title = {AWS Container Service},
    howpublished = {URL : \url{https://aws.amazon.com/ecs/}}
}


@misc{chameleon,
    title = {Chameleon Cloud},
    howpublished = {URL : \url{https://www.chameleoncloud.org/}}
}

%Packer
@misc{packer,
	title = {Packer},
	howpublished = {URL : \url{https://www.packer.io/}}
}

%Docker
@misc{Docker,
	title = {Docker},
         howpublished = {URL: \url{https://www.docker.com/}}
}

%BOTO
@misc{BOTOAPI,
	 title = {BOTO API},
     howpublished = {URL: \url{https://github.com/boto/boto3}}}

%IOR
@misc{IOR,
	title = {IOR Benchmark},
        howpublished = {URL: \url{http://www.nersc.gov/users/computational-systems/cori/nersc-8-procurement/trinity-nersc-8-rfp/nersc-8-trinity-benchmarks/ior/}}
}
@misc{hpcbench,
	title = {HPCBench},
        howpublished = {URL: \url{http://hpcbench.sourceforge.net/}}
}


%virtio
@article{russell2008virtio,
  title={virtio: towards a de-facto standard for virtual I/O devices},
  author={Russell, Rusty},
  journal={ACM SIGOPS Operating Systems Review},
  year={2008}
}

%vpic-1
@inproceedings{bowers20080,
  title={0.374 Pflop/s trillion-particle kinetic modeling of laser plasma interaction on Roadrunner},
  author={Bowers, Kevin J and Albright, Brian J and Bergen, Benjamin and Yin, Lin and Barker, Kevin J and Kerbyson, Darren J},
  booktitle={Proceedings of the 2008 ACM/IEEE conference on Supercomputing},
  year={2008},
}

%vpic-2
@article{bowers2008ultrahigh,
  title={Ultrahigh performance three-dimensional electromagnetic relativistic kinetic plasma simulation a},
  author={Bowers, Kevin J and Albright, BJ and Yin, L and Bergen, B and Kwan, TJT},
  journal={Physics of Plasmas},
  year={2008},
}

%vpic-3
@inproceedings{bowers2009advances,
  title={Advances in petascale kinetic plasma simulation with VPIC and Roadrunner},
  author={Bowers, Kevin J and Albright, Brian J and Yin, Lin and Daughton, W and Roytershteyn, Vadim and Bergen, Ben and Kwan, TJT},
  booktitle={Journal of Physics: Conference Series},
  year={2009},
}



%VM live migration cost
@inproceedings{voorsluys2009cost,
  title={Cost of virtual machine live migration in clouds: A performance evaluation},
  author={Voorsluys, William and Broberg, James and Venugopal, Srikumar and Buyya, Rajkumar},
  booktitle={IEEE International Conference on Cloud Computing},
  year={2009},
}

% Docker live migration
@misc{criu,
	title = {Checkpoint/Restoration In Userspace},
	howpublished={Available on-line at:\url{https://criu.org/Docker}}

}

% VM-HPC framework
@inproceedings{huang2006case,
  title={A case for high performance computing with virtual machines},
  author={Huang, Wei and Liu, Jiuxing and Abali, Bulent and Panda, Dhabaleswar K},
  booktitle={Proceedings of the 20th annual international conference on Supercomputing},
  year={2006}
}

%VM-slurm
@inproceedings{zhang2016slurm,
  title={Slurm-V: Extending Slurm for Building Efficient HPC Cloud with SR-IOV and IVShmem},
  author={Zhang, Jie and Lu, Xiaoyi and Chakraborty, Sourav and Panda, Dhabaleswar K DK},
  booktitle={European Conference on Parallel Processing},
  year={2016}
}

% characterize perf. in VM
@inproceedings{gugnani2016performance,
  title={Performance characterization of hadoop workloads on SR-IOV-enabled virtualized InfiniBand clusters},
  author={Gugnani, Shashank and Lu, Xiaoyi and Panda, Dhabaleswar K},
  booktitle={Proceedings of the 3rd IEEE/ACM International Conference on Big Data Computing, Applications and Technologies},
  year={2016}
}

% SC07 paper
@inproceedings{huang2007virtual,
  title={Virtual machine aware communication libraries for high performance computing},
  author={Huang, Wei and Koop, Matthew J and Gao, Qi and Panda, Dhabaleswar K},
  booktitle={Proceedings of the 2007 ACM/IEEE conference on Supercomputing},
  year={2007}
}

% VM live migration
@inproceedings{huang2007high,
  title={High performance virtual machine migration with RDMA over modern interconnects},
  author={Huang, Wei and Gao, Qi and Liu, Jiuxing and Panda, Dhabaleswar K},
  booktitle={Cluster Computing, 2007 IEEE International Conference on},
  year={2007}
}

% VM I/O passthrough
@inproceedings{liu2006high,
  title={High Performance VMM-Bypass I/O in Virtual Machines.},
  author={Liu, Jiuxing and Huang, Wei and Abali, B{\"u}lent and Panda, Dhabaleswar K},
  booktitle={USENIX Annual Technical Conference, General Track}
}

% characterized perf.
@inproceedings{tikotekar2008analysis,
  title={An analysis of hpc benchmarks in virtual machine environments},
  author={Tikotekar, Anand and Vall{\'e}e, Geoffroy and Naughton, Thomas and Ong, Hong and Engelmann, Christian and Scott, Stephen L},
  booktitle={European Conference on Parallel Processing},
  year={2008}
}

%hybrid HPC/grid/cloud
@article{mateescu2011hybrid,
  title={Hybrid computing?where HPC meets grid and cloud computing},
  author={Mateescu, Gabriel and Gentzsch, Wolfgang and Ribbens, Calvin J},
  journal={Future Generation Computer Systems},
  year={2011}
}

%vm migration
@article{anedda2010suspending,
  title={Suspending, migrating and resuming HPC virtual clusters},
  author={Anedda, Paolo and Leo, Simone and Manca, Simone and Gaggero, Massimo and Zanetti, Gianluigi},
  journal={Future Generation Computer Systems},
  year={2010}
}

%vm for hpc
@inproceedings{vallee2008system,
  title={System-level virtualization for high performance computing},
  author={Vallee, Geoffroy and Naughton, Thomas and Engelmann, Christian and Ong, Hong and Scott, Stephen L},
  booktitle={Parallel, Distributed and Network-Based Processing, 2008. PDP 2008. 16th Euromicro Conference on},
  year={2008}
}

% vm for hpc
@inproceedings{reuther2012hpc,
  title={HPC-VMs: Virtual machines in high performance computing systems},
  author={Reuther, Albert and Michaleas, Peter and Prout, Andrew and Kepner, Jeremy},
  booktitle={High Performance Extreme Computing (HPEC), 2012 IEEE Conference on},
  year={2012}
}

% kernel version
@article{harji2013our,
  title={Our troubles with Linux Kernel upgrades and why you should care},
  author={Harji, Ashif S and Buhr, Peter A and Brecht, Tim},
  journal={ACM SIGOPS Operating Systems Review},
  year={2013}
}

%docker
@article{merkel2014docker,
  title={Docker: lightweight linux containers for consistent development and deployment},
  author={Merkel, Dirk},
  journal={Linux Journal},
  year={2014}
}

%docker img vs VM img
@article{boettiger2015introduction,
  title={An introduction to Docker for reproducible research},
  author={Boettiger, Carl},
  journal={ACM SIGOPS Operating Systems Review},
  year={2015}
}

%CI
@article{fowler2006continuous,
  title={Continuous integration},
  author={Fowler, Martin and Foemmel, Matthew},
  journal={Thought-Works) http://www. thoughtworks. com/Continuous Integration. pdf},
  year={2006}
}

%Container Perf. Comparison
@inproceedings{ruan2016performance,
  title={A Performance Study of Containers in Cloud Environment},
  author={Ruan, Bowen and Huang, Hang and Wu, Song and Jin, Hai},
  booktitle={Advances in Services Computing: 10th Asia-Pacific Services Computing Conference, APSCC 2016, Zhangjiajie, China, November 16-18, 2016, Proceedings 10},
  year={2016}
}

%Software of Starcluster
@misc{starcluster,
  title = {StarCluster},
  howpublished = {URL: \url{http://star.mit.edu/cluster/}},
}

@misc{comd,
	title={CoMD},
	howpublished ={URL:\url{https://github.com/exmatex/CoMD/}}
}

@inproceedings{zhang2016performance,
  title={Performance characterization of hypervisor-and container-based virtualization for HPC on SR-IOV enabled InfiniBand clusters},
  author={Zhang, Jie and Lu, Xiaoyi and Panda, Dhabaleswar K},
  booktitle={Parallel and Distributed Processing Symposium Workshops, 2016 IEEE International},
  pages={1777--1784},
  year={2016},
  organization={IEEE}
}
