@inproceedings{albrecht2012makeflow,
  title={Makeflow: A portable abstraction for data intensive computing on clusters, clouds, and grids},
  author={Albrecht, Michael and Donnelly, Patrick and Bui, Peter and Thain, Douglas},
  booktitle={Proceedings of the 1st ACM SIGMOD Workshop on Scalable Workflow Execution Engines and Technologies},
  year={2012}
}

@inproceedings{sewell2015large,
  title={Large-scale compute-intensive analysis via a combined in-situ and co-scheduling workflow approach},
  author={Sewell, Christopher and Heitmann, Katrin and Finkel, Hal and Zagaris, George and Parete-Koon, Suzanne T and Fasel, Patricia K and Pope, Adrian and Frontiere, Nicholas and Lo, Li-ta and Messer, Bronson and others},
  booktitle={Proceedings of the International Conference for High Performance Computing, Networking, Storage and Analysis},
  year={2015}
}

@article{liu2015survey,
  title={A survey of data-intensive scientific workflow management},
  author={Liu, Ji and Pacitti, Esther and Valduriez, Patrick and Mattoso, Marta},
  journal={Journal of Grid Computing},
  year={2015}
}

@inproceedings{altintas2004kepler,
  title={Kepler: Towards a grid-enabled system for scientific workflows},
  author={Altintas, Ilkay and Berkley, Chad and Jaeger, Efrat and Jones, Matthew and Ludaescher, Bertram and Mock, Steve},
  booktitle={the Workflow in Grid Systems Workshop in GGF10-The Tenth Global Grid Forum, Berlin, Germany},
  year={2004}
}

@inproceedings{altintas2004kepler2,
  title={Kepler: an extensible system for design and execution of scientific workflows},
  author={Altintas, Ilkay and Berkley, Chad and Jaeger, Efrat and Jones, Matthew and Ludascher, Bertram and Mock, Steve},
  booktitle={Scientific and Statistical Database Management, 2004. Proceedings. 16th International Conference on},
  year={2004}
}

@article{bux2013parallelization,
  title={Parallelization in scientific workflow management systems},
  author={Bux, Marc and Leser, Ulf},
  journal={arXiv preprint arXiv:1303.7195},
  year={2013}
}

@article{ludascher2006scientific,
  title={Scientific workflow management and the Kepler system},
  author={Lud{\"a}scher, Bertram and Altintas, Ilkay and Berkley, Chad and Higgins, Dan and Jaeger, Efrat and Jones, Matthew and Lee, Edward A and Tao, Jing and Zhao, Yang},
  journal={Concurrency and Computation: Practice and Experience},
  year={2006}
}

@article{deelman2005pegasus,
  title={Pegasus: A framework for mapping complex scientific workflows onto distributed systems},
  author={Deelman, Ewa and Singh, Gurmeet and Su, Mei-Hui and Blythe, James and Gil, Yolanda and Kesselman, Carl and Mehta, Gaurang and Vahi, Karan and Berriman, G Bruce and Good, John and others},
  journal={Scientific Programming},
  year={2005}
}

@article{ogasawara2013chiron,
  title={Chiron: a parallel engine for algebraic scientific workflows},
  author={Ogasawara, Eduardo and Dias, Jonas and Silva, Vitor and Chirigati, Fernando and Oliveira, Daniel and Porto, Fabio and Valduriez, Patrick and Mattoso, Marta},
  journal={Concurrency and Computation: Practice and Experience},
  year={2013}
}

@inproceedings{zhao2007swift,
  title={Swift: Fast, reliable, loosely coupled parallel computation},
  author={Zhao, Yong and Hategan, Mihael and Clifford, Ben and Foster, Ian and Von Laszewski, Gregor and Nefedova, Veronika and Raicu, Ioan and Stef-Praun, Tiberiu and Wilde, Michael},
  booktitle={Services, 2007 IEEE Congress on},
  year={2007}
}


%vpic-1
@inproceedings{bowers20080,
  title={0.374 Pflop/s trillion-particle kinetic modeling of laser plasma interaction on Roadrunner},
  author={Bowers, Kevin J and Albright, Brian J and Bergen, Benjamin and Yin, Lin and Barker, Kevin J and Kerbyson, Darren J},
  booktitle={Proceedings of the 2008 ACM/IEEE conference on Supercomputing},
  year={2008}
}

%vpic-2
@article{bowers2008ultrahigh,
  title={Ultrahigh performance three-dimensional electromagnetic relativistic kinetic plasma simulation a},
  author={Bowers, Kevin J and Albright, BJ and Yin, L and Bergen, B and Kwan, TJT},
  journal={Physics of Plasmas},
  year={2008}
}

%vpic-3
@inproceedings{bowers2009advances,
  title={Advances in petascale kinetic plasma simulation with VPIC and Roadrunner},
  author={Bowers, Kevin J and Albright, Brian J and Yin, Lin and Daughton, W and Roytershteyn, Vadim and Bergen, Ben and Kwan, TJT},
  booktitle={Journal of Physics: Conference Series},
  year={2009}
}
%paraview1
@article{ahrens2005paraview,
  title={Paraview: An end-user tool for large data visualization},
  author={Ahrens, James and Geveci, Berk and Law, Charles},
  journal={The Visualization Handbook},
  year={2005}
}

%paraview2
@article{ayachit2015paraview,
  title={The paraview guide: a parallel visualization application},
  author={Ayachit, Utkarsh},
  year={2015}
}

%Flecsale
@misc{flecsale,
    title = {Flecsale},
    howpublished = {Available on-line at: \url{https://github.com/laristra/flecsale}}
}

%BEE
@misc{bee,
    title = {BEE},
    howpublished = {Available on-line at: \url{https://github.com/lanl/bee}}
}


%blast
@article{altschul1990basic,
  title={Basic local alignment search tool},
  author={Altschul, Stephen F and Gish, Warren and Miller, Webb and Myers, Eugene W and Lipman, David J},
  journal={Journal of molecular biology},
  year={1990}
}

@inproceedings{missier2010taverna,
  title={Taverna, reloaded},
  author={Missier, Paolo and Soiland-Reyes, Stian and Owen, Stuart and Tan, Wei and Nenadic, Alexandra and Dunlop, Ian and Williams, Alan and Oinn, Tom and Goble, Carole},
  booktitle={International conference on scientific and statistical database management},
  year={2010}
}

@book{ozsu2011principles,
  title={Principles of distributed database systems},
  author={{\"O}zsu, M Tamer and Valduriez, Patrick},
  year={2011},
  publisher={Springer Science \& Business Media}
}

@inproceedings{de2010scicumulus,
  title={Scicumulus: A lightweight cloud middleware to explore many task computing paradigm in scientific workflows},
  author={de Oliveira, Daniel and Ogasawara, Eduardo and Bai{\~a}o, Fernanda and Mattoso, Marta},
  booktitle={Cloud Computing (CLOUD), 2010 IEEE 3rd International Conference on},
  year={2010}
}

@article{oliveira2012adaptive,
  title={An adaptive parallel execution strategy for cloud-based scientific workflows},
  author={Oliveira, Daniel and Ogasawara, Eduardo and Oca{\~n}a, Kary and Bai{\~a}o, Fernanda and Mattoso, Marta},
  journal={Concurrency and Computation: Practice and Experience},
  year={2012}
}

@article{taylor2007triana,
  title={The triana workflow environment: Architecture and applications},
  author={Taylor, Ian and Shields, Matthew and Wang, Ian and Harrison, Andrew},
  journal={Workflows for e-Science},
  year={2007}
}

@misc{ makeflow-examples,
	title = {MakeFlow examples},
    howpublished = {URL: \url{https://github.com/cooperative-computing-lab/makeflow-examples}}
}